@book{Triches22,
	title = {Pr√©-Calculo: Um livro colaborativo},
	author = {Francieli Triches and Helder Geovane Gomes de Lima
},
	year = {2022},
        url = {https://www.ufrgs.br/reamat/PreCalculo/livro/livro.pdf}
}